@article{ALG_OPT_1,
	author={Klaus Jansen and Roberto Solis-Oba},
	title={A Polynomial Time OPT + 1 Algorithm for the Cutting Stock Problem with a Constant
	Number of Object Lengths},
	year={2011},
}

@article{GLPK_API,
	title={GLPK callable libraries}
	howpublished={https://en.wikibooks.org/wiki/GLPK/Using_the_GLPK_callable_library}
}

@article{GLPK_DOCS,
	title={GNU Linear Programming Kit, Reference Manual}
	howpublished={https://ftp.gnu.org/gnu/glpk/glpk-5.0.tar.gz},
	year={2016}
}

@article{GLPK_SRC,
	title={GNU Linear Programming Kit, kod źródłowy, ścieżka w archiwum: /src/draft/glpmat.h}
	howpublished={https://ftp.gnu.org/gnu/glpk/glpk-5.0.tar.gz},
	year={2016}
}

@book{Cormen_algos,
	author={Thomas H. Cormen and Charles E. Leiserson and Ronald L., Rivest and Clifford Stein},
	title={Introduction to Algorithms},
	year={2009},
	?_edition={Third},
	publisher={Massachusetts Institute of Technology},
}

@article{NOTE_ON_APPROX,
	author={G.F. Cintra and F.K. Miyazawa and Y. Wakabayashi and E.C. Xavier},
	title={A note on the approximability of cutting stock problems},
	howpublished={https://www.sciencedirect.com/science/article/abs/pii/S0377221706003079},
	year={2011},
}

@article{APTAS,
	title={Bin packing can be solved within 1 + $\epsilon$ in linear time},
	author={W. Fernandez de la Vega and G. S. Lueker},
	howpublished={https://www.semanticscholar.org/paper/Bin-packing-can-be-solved-within-1-%2B-%CE%B5-in-linear-Vega-Lueker/66d113358adef873f6f9f32ecadeca246e2a7dd6},
	year={1981},
}

@article{WORST_CASE_APPROX,
	author={David Simchi-Levi},
	title={New Worst-case Results for the Bin-Packing Problem},
	year={1994},
}


@article{APPROX_RATIO,
	author={Andrew Chi-Chih Yao},
	title={New Algorithms for Bin Packing},
	year={1980},
}

@article{GEN_CONFIGS,
	author={Saad M.A. Suliman},
	title={Pattern generating procedure for the cutting stock problem},
	year={2001},
	howpublished={https://www.researchgate.net/publication/4916828_Pattern_generating_procedure_for_the_cutting_stock_problem}
}

@article{EXAMPLE_REF,
	author = {Kalvelagen, Erwin},
	year = {2010},
	month = {12},
	pages = {},
	title = {COLUMN GENERATION WITH GAMS}
}

